% Preprints

@Article{Chockalingam_2016,
   author = {K.~Chockalingam and V.~G.~Kouznetsova and O.~{van der Sluis} and M.~G.~D.~Geers},
    title = {{2D Phase field modeling of sintering of silver nanoparticles}},
  journal = {Computer Methods in Applied Mechanics and Engineering},
    month = jul,
     year = 2016,
     note = {\url{http://dx.doi.org/10.1016/j.cma.2016.07.002}}
}

@Article{Ballarin_2016,
   author = {F.~Ballarin and G.~Rozza},
    title = {{POD-Galerkin monolithic reduced order models for parametrized
              fluid-structure interaction problems}},
  journal = {International Journal for Numerical Methods in Fluids},
    month = may,
     year = 2016,
     note = {\url{http://dx.doi.org/10.1002/fld.4252}}
}

@Article{DGuillen_2016,
   author = {D.~P.~Guillen and W.~H.~Harris},
    title = {{Measurement and simulation of thermal conductivity of hafnium-aluminum thermal neutron absorber material}},
  journal = {Metallurgical and Materials Transactions E},
    month = may,
     year = 2016,
     note = {\url{http://dx.doi.org/10.1007/s40553-016-0076-y}}
}

@Article{Adhikary_2016,
   author = {D.~P.~Adhikary and C.~T.~Jayasundara and R.~K.~Podgorney and A.~H.~Wilkins},
    title = {{A robust return-map algorithm for general multisurface plasticity}},
  journal = {International Journal for Numerical Methods in Engineering},
    month = apr,
     year = 2016,
     note = {\url{http://dx.doi.org/10.1002/nme.5284}}
}

% http://link.springer.com/article/10.1007%2Fs12008-016-0308-5
@Article{Mejia_2016,
   author = {D.~Mejia and A.~Moreno and O.~Ruiz-Salguero and I.~Barandiaran},
    title = {{Appraisal of open software for finite element simulation of 2D metal sheet laser cut}},
  journal = {International Journal on Interactive Design and Manufacturing},
    month = mar,
     year = 2016,
    pages = {1--12},
     note = {\url{http://dx.doi.org/10.1007/s12008-016-0308-5}}
}

@Article{Poulet_2016b,
   author = {T.~Poulet and M.~Paesold and M.~Veveakis},
    title = {{Multi-physics modelling of fault mechanics using REDBACK: A parallel open-source simulator for tightly coupled problems}},
  journal = {Rock Mechanics and Rock Engineering},
    month = mar,
     year = 2016,
     note = {\url{http://dx.doi.org/10.1007/s00603-016-0927-y}}
}

@Article{Aral_2016,
   author = {M.~M.~Aral and K.~Nam},
    title = {{Optimal monitoring network design for wind-driven and tidal estuaries}},
  journal = {Journal of Environmental Engineering},
    month = jan,
     year = 2016,
    pages = {D4015002},
     note = {\url{http://dx.doi.org/10.1061/(ASCE)EE.1943-7870.0001051}}
}

@Article{Wijeratne_2015,
   author = {P.~A.~Wijeratne and V.~Vavourakis and J.~H.~Hipwell and C.~Voutouri and
             P.~Papageorgis and T.~Stylianopoulos and A.~Evans and D.~J.~Hawkes},
    title = {{Multiscale modelling of solid tumour growth: the effect of collagen micromechanics}},
  journal = {Biomechanics and Modeling in Mechanobiology},
     year = 2015,
     note = {\url{http://dx.doi.org/10.1007/s10237-015-0745-2}}
}

@Article{Oden_2015,
   author = {J.~T.~Oden and E.~A.~B.~F.~Lima and R.~C.~Almeida and Y.~Feng and
             M.~N.~Rylander and D.~Fuentes and D.~Faghihi and M.~M.~Rahman and
             M.~DeWitt and M.~Gadde and J.~C.~Zhou},
    title = {{Toward Predictive Multiscale Modeling of Vascular Tumor Growth}},
  journal = {Archives of Computational Methods in Engineering},
     year = 2015,
     note = {\url{http://dx.doi.org/10.1007/s11831-015-9156-x}}
}

% http://epubs.siam.org/toc/sjoce3/38/1
% https://www.researchgate.net/publication/272679629_Optimal_local_approximation_spaces_for_component-based_static_condensation_procedures
@Article{Smetana_2016,
   author = {K.~Smetana and A.~T.~Patera},
    title = {{Optimal local approximation spaces for component-based static condensation procedures}},
  journal = {SIAM Journal on Scientific Computing},
   volume = 38,
    month = jul,
     year = 2016,
     note = {\url{http://tinyurl.com/gnma8cg}}
}

% author:griffith Hybrid finite difference/finite element version of the immersed boundary method
@Article{Griffith_2012,
   author = {B.~E.~Griffith and X.~Luo},
    title = {{Hybrid finite difference/finite element version of the immersed boundary method}},
  journal = {PREPRINT, Submitted to IJNME},
     year = 2012,
     note = {\url{http://www.math.nyu.edu/~griffith/docs/griffith_luo_ibfem.pdf}}
}

